<record><leader>00000cas a22000007a 4500</leader><controlfield tag="001">29409239</controlfield><controlfield tag="008">931201c19889999txuwr ne      0    0eng d</controlfield><datafield ind1=" " ind2=" " tag="010"><subfield code="a">sn 93068257 </subfield></datafield><datafield ind1=" " ind2=" " tag="040"><subfield code="a">PPM</subfield><subfield code="b">eng</subfield><subfield code="c">PPM</subfield><subfield code="d">OCLCQ</subfield><subfield code="d">CCA</subfield><subfield code="d">OCLCO</subfield><subfield code="d">OCLCF</subfield></datafield><datafield ind1=" " ind2=" " tag="042"><subfield code="a">msc</subfield></datafield><datafield ind1="0" ind2="4" tag="245"><subfield code="a">The Nueces County record*star.</subfield></datafield><datafield ind1="3" ind2="0" tag="246"><subfield code="a">Record*star</subfield></datafield><datafield ind1=" " ind2=" " tag="260"><subfield code="a">Robstown, Corpus Christi, Nueces County, Tex. :</subfield><subfield code="b">Sam Keach</subfield></datafield><datafield ind1=" " ind2=" " tag="300"><subfield code="a">v.</subfield></datafield><datafield ind1=" " ind2=" " tag="310"><subfield code="a">Weekly</subfield></datafield><datafield ind1="1" ind2=" " tag="362"><subfield code="a">Began in 1988.</subfield></datafield><datafield ind1=" " ind2=" " tag="500"><subfield code="a">A five-pointed star separates the words "Record" and "Star" in the masthead.</subfield></datafield><datafield ind1=" " ind2=" " tag="588"><subfield code="a">Description based on : vol. 5, no. 42 (Oct. 21, 1993).</subfield></datafield><datafield ind1=" " ind2="0" tag="651"><subfield code="a">Robstown (Tex.)</subfield><subfield code="v">Newspapers.</subfield></datafield><datafield ind1=" " ind2="7" tag="655"><subfield code="a">Newspapers.</subfield><subfield code="2">fast</subfield><subfield code="0">(OCoLC)fst01423814</subfield></datafield><datafield ind1=" " ind2="7" tag="651"><subfield code="a">Texas</subfield><subfield code="z">Robstown.</subfield><subfield code="2">fast</subfield><subfield code="0">(OCoLC)fst01227710</subfield></datafield><datafield ind1=" " ind2=" " tag="752"><subfield code="a">United States</subfield><subfield code="b">Texas</subfield><subfield code="c">Nueces</subfield><subfield code="d">Robstown.</subfield></datafield><datafield ind1=" " ind2=" " tag="752"><subfield code="a">United States</subfield><subfield code="b">Texas</subfield><subfield code="c">Nueces</subfield><subfield code="d">Corpus Christi.</subfield></datafield><datafield ind1="0" ind2="4" tag="780"><subfield code="t">Robstown Record</subfield><subfield code="w">(DLC)sn 86089312</subfield></datafield><datafield ind1="0" ind2="4" tag="780"><subfield code="t">Western star (Robstown, Tex.)</subfield><subfield code="w">(DLC)sn 88083650</subfield></datafield></record>